<?xml version="1.0" encoding="UTF-8" ?>
<marc:record xmlns:marc="http://www.loc.gov/MARC21/slim">
<marc:leader>01807cam a2200337   4500</marc:leader>
<marc:controlfield tag="001">70698</marc:controlfield>

<marc:datafield tag="035" ind1=" " ind2=" ">
<marc:subfield code="a">(Sirsi) 70698</marc:subfield>
</marc:datafield>

<marc:datafield tag="041" ind1=" " ind2=" ">
<marc:subfield code="a">ger</marc:subfield>
</marc:datafield>

<marc:controlfield tag="008">890224s1860                   000  ger  </marc:controlfield>

<marc:datafield tag="100" ind1="1" ind2=" ">
<marc:subfield code="a">Darwin, Charles,</marc:subfield>
<marc:subfield code="d">1809-1882</marc:subfield>
</marc:datafield>

<marc:datafield tag="240" ind1=" " ind2=" ">
<marc:subfield code="a">On the origin of species.</marc:subfield>
<marc:subfield code="l">German</marc:subfield>
</marc:datafield>

<marc:datafield tag="245" ind1="1" ind2="0">
<marc:subfield code="a">Charles Darwin, uber die Entstehung der Arten im Thier- und Pflanzen-Reich durch naturliche Zuchtung, oder Erhaltung der vervollkommneten Rassen im Kampfe um's Daseyn. Nach der zweiten Auflage mit einer geschichtlichen Vorrede und andern Zusatzen des Verfassers fur diese deutsche Ausgabe aus dem Englischen ubersetzt und mit Anmerkungen versehen /</marc:subfield>
<marc:subfield code="c">von Dr. H.G. Bronn </marc:subfield>
</marc:datafield>

<marc:datafield tag="260" ind1=" " ind2=" ">
<marc:subfield code="a">Stuttgart :</marc:subfield>
<marc:subfield code="b">E. Schweizerbart'sche Verlagshandlung und Druckerei,</marc:subfield>
<marc:subfield code="c">1860. </marc:subfield>
</marc:datafield>

<marc:datafield tag="300" ind1=" " ind2=" ">
<marc:subfield code="a">viii, 520 p., [1] plate :</marc:subfield>
<marc:subfield code="b">ill. ;</marc:subfield>
<marc:subfield code="c">23 cm. </marc:subfield>
</marc:datafield>

<marc:datafield tag="510" ind1=" " ind2=" ">
<marc:subfield code="a">Freeman no. 672 </marc:subfield>
</marc:datafield>

<marc:datafield tag="515" ind1=" " ind2=" ">
<marc:subfield code="a">DC BD 680 </marc:subfield>
</marc:datafield>

<marc:datafield tag="541" ind1=" " ind2=" ">
<marc:subfield code="a">DC BD 680 - Purchased from Chris and Mich`ele Kohler </marc:subfield>
<marc:subfield code="d">April 2006. </marc:subfield>
</marc:datafield>

<marc:datafield tag="546" ind1=" " ind2=" ">
<marc:subfield code="a">Text in German. </marc:subfield>
</marc:datafield>

<marc:datafield tag="561" ind1="1" ind2=" ">
<marc:subfield code="a">DC BD 680 - Embossed stamp of bookbinder on front flyleaf of G. Rautter, Wien. </marc:subfield>
</marc:datafield>

<marc:datafield tag="562" ind1=" " ind2=" ">
<marc:subfield code="a">DC BD 680 - Piece cut from half-title, but with no loss of text. Some foxing and staining. Some marginal linings and annotations. </marc:subfield>
</marc:datafield>

<marc:datafield tag="563" ind1=" " ind2=" ">
<marc:subfield code="a">DC BD 680 - Rebound in half-tan morocco, with marbled boards. Spine blocked in gilt. Edges a little rubbed. Thin green marker ribbon. </marc:subfield>
</marc:datafield>

<marc:datafield tag="592" ind1=" " ind2=" ">
<marc:subfield code="a">DARWIN COLLN </marc:subfield>
</marc:datafield>

<marc:datafield tag="596" ind1=" " ind2=" ">
<marc:subfield code="a">4 </marc:subfield>
</marc:datafield>

<marc:datafield tag="700" ind1=" " ind2=" ">
<marc:subfield code="a">Bronn, Heinrich Georg,</marc:subfield>
<marc:subfield code="d">1800-1862. </marc:subfield>
</marc:datafield>

<marc:controlfield tag="001">Catkey 262902 </marc:controlfield>

<marc:controlfield tag="001">ocm1078960 </marc:controlfield>

<marc:datafield tag="909" ind1=" " ind2=" ">
<marc:subfield code="a">1078960 </marc:subfield>
</marc:datafield>

<marc:datafield tag="590" ind1="1" ind2=" ">
<marc:subfield code="a">Itemid 178388 </marc:subfield>
</marc:datafield>

<marc:datafield tag="590" ind1="1" ind2=" ">
<marc:subfield code="a">Itemid 262902-2001 </marc:subfield>
</marc:datafield>

<marc:datafield tag="999" ind1=" " ind2=" ">
<marc:subfield code="a">9C o DAR ORI GER</marc:subfield>
<marc:subfield code="w">WOODWARD</marc:subfield>
<marc:subfield code="c">1</marc:subfield>
<marc:subfield code="i">178388</marc:subfield>
<marc:subfield code="d">27/8/1999</marc:subfield>
<marc:subfield code="l">SHELVES</marc:subfield>
<marc:subfield code="m">GENERAL</marc:subfield>
<marc:subfield code="r">Y</marc:subfield>
<marc:subfield code="s">Y</marc:subfield>
<marc:subfield code="t">BOOK</marc:subfield>
<marc:subfield code="u">27/3/1998</marc:subfield>
<marc:subfield code="x">MAIN</marc:subfield>
<marc:subfield code="z">OCTAVO </marc:subfield>
</marc:datafield>

<marc:datafield tag="999" ind1=" " ind2=" ">
<marc:subfield code="a">DC BD 680</marc:subfield>
<marc:subfield code="w">ALPHANUM</marc:subfield>
<marc:subfield code="c">1</marc:subfield>
<marc:subfield code="i">262902-2001</marc:subfield>
<marc:subfield code="l">SHELVES</marc:subfield>
<marc:subfield code="m">GENERAL</marc:subfield>
<marc:subfield code="r">Y</marc:subfield>
<marc:subfield code="s">Y</marc:subfield>
<marc:subfield code="t">BOOK</marc:subfield>
<marc:subfield code="u">31/5/2007</marc:subfield>
<marc:subfield code="x">RARE</marc:subfield>
<marc:subfield code="z">OCTAVO </marc:subfield>
</marc:datafield>

</marc:record>